@inproceedings{Goel2009,
  author    = {Amit Goel and
               Sava Krstic and
               Cesare Tinelli},
  title     = {Ground Interpolation for Combined Theories},
  booktitle = {CADE},
  year      = {2009},
  pages     = {183-198},
  ee        = {http://dx.doi.org/10.1007/978-3-642-02959-2_16},
  bibsource = {DBLP, http://dblp.uni-trier.de},
  publisher = {Springer}
}
@inproceedings{Dillig2011,
  author    = {Isil Dillig and
               Thomas Dillig and
               Alex Aiken},
  title     = {Cuts from Proofs: A Complete and Practical Technique for
               Solving Linear Inequalities over Integers},
  booktitle = {CAV},
  year      = {2009},
  pages     = {233-247},
  ee        = {http://dx.doi.org/10.1007/978-3-642-02658-4_20},
  bibsource = {DBLP, http://dblp.uni-trier.de},
  publisher = {Springer}
}
@article{Craig2011,
  author    = {William Craig},
  title     = {Three Uses of the {Herbrand-Gentzen} Theorem in Relating Model
               Theory and Proof Theory},
  journal   = {J. Symb. Log.},
  volume    = {22},
  number    = {3},
  year      = {1957},
  pages     = {269-285},
  bibsource = {DBLP, http://dblp.uni-trier.de}
}
@inproceedings{McMillan12iZ3,
  author    = {Kenneth L. McMillan},
  title     = {Interpolants from {Z3} proofs},
  booktitle = {FMCAD},
  year      = {2011},
  pages     = {19-27},
  ee        = {http://dl.acm.org/citation.cfm?id=2157661},
  bibsource = {DBLP, http://dblp.uni-trier.de},
  publisher = {FMCAD Inc.}
}
@inproceedings{Griggio2011,
  author    = {Alberto Griggio and
               Thi Thieu Hoa Le and
               Roberto Sebastiani},
  title     = {Efficient Interpolant Generation in Satisfiability Modulo
               Linear Integer Arithmetic},
  booktitle = {TACAS},
  year      = {2011},
  pages     = {143-157},
  ee        = {http://dx.doi.org/10.1007/978-3-642-19835-9_13},
  bibsource = {DBLP, http://dblp.uni-trier.de},
  publisher = {Springer}
}
@inproceedings{Bruttomesso2010,
  author    = {Roberto Bruttomesso and
               Simone Rollini and
               Natasha Sharygina and
               Aliaksei Tsitovich},
  title     = {Flexible interpolation with local proof transformations},
  booktitle = {ICCAD},
  year      = {2010},
  pages     = {770-777},
  ee        = {http://dx.doi.org/10.1109/ICCAD.2010.5654297},
  bibsource = {DBLP, http://dblp.uni-trier.de},
  publisher = {IEEE}
}
@inproceedings{Dutertre2006,
  author    = {Bruno Dutertre and
               Leonardo de Moura},
  title     = {A Fast Linear-Arithmetic Solver for {DPLL(T)}},
  booktitle = {CAV},
  year      = {2006},
  pages     = {81-94},
  ee        = {http://dx.doi.org/10.1007/11817963_11},
  bibsource = {DBLP, http://dblp.uni-trier.de},
  publisher = {Springer}
}
@inproceedings{Fuchs2009,
  author    = {Alexander Fuchs and
               Amit Goel and
               Jim Grundy and
               Sava Krstic and
               Cesare Tinelli},
  title     = {Ground Interpolation for the Theory of Equality},
  booktitle = {TACAS},
  year      = {2009},
  pages     = {413-427},
  ee        = {http://dx.doi.org/10.1007/978-3-642-00768-2_34},
  bibsource = {DBLP, http://dblp.uni-trier.de},
  publisher = {Springer}
}
@inproceedings{Cimatti2010,
  author    = {Alessandro Cimatti and
               Alberto Griggio and
               Roberto Sebastiani},
  title     = {Efficient Interpolant Generation in Satisfiability Modulo
               Theories},
  booktitle = {TACAS},
  year      = {2008},
  pages     = {397-412},
  ee        = {http://dx.doi.org/10.1007/978-3-540-78800-3_30},
  bibsource = {DBLP, http://dblp.uni-trier.de},
  publisher = {Springer}
}
@article{Detlefs2005,
  author    = {David Detlefs and
               Greg Nelson and
               James B. Saxe},
  title     = {Simplify: {A} Theorem Prover For Program Checking},
  journal   = {J. ACM},
  volume    = {52},
  number    = {3},
  year      = {2005},
  pages     = {365-473},
  ee        = {http://doi.acm.org/10.1145/1066100.1066102},
  bibsource = {DBLP, http://dblp.uni-trier.de}
}
@inproceedings{D'Silva2010,
  author    = {Vijay D'Silva and
               Daniel Kroening and
               Mitra Purandare and
               Georg Weissenbacher},
  title     = {Interpolant Strength},
  booktitle = {VMCAI},
  year      = {2010},
  pages     = {129-145},
  ee        = {http://dx.doi.org/10.1007/978-3-642-11319-2_12},
  bibsource = {DBLP, http://dblp.uni-trier.de},
  publisher = {Springer}
}
@article{Griggio2012,
  author    = {Alberto Griggio},
  title     = {A Practical Approach to Satisability Modulo Linear Integer
               Arithmetic},
  journal   = {JSAT},
  volume    = {8},
  number    = {1/2},
  year      = {2012},
  pages     = {1-27},
  ee        = {http://jsat.ewi.tudelft.nl/content/volume8/JSAT8_1_Griggio.pdf},
  bibsource = {DBLP, http://dblp.uni-trier.de}
}
@inproceedings{Yorsh2005,
  author    = {Greta Yorsh and
               Madanlal Musuvathi},
  title     = {A Combination Method for Generating Interpolants},
  booktitle = {CADE},
  year      = {2005},
  pages     = {353-368},
  ee        = {http://dx.doi.org/10.1007/11532231_26},
  bibsource = {DBLP, http://dblp.uni-trier.de},
  publisher = {Springer}
}
@article{DBLP:journals/jsyml/Pudlak97,
  author    = {Pavel Pudl{\'a}k},
  title     = {Lower Bounds for Resolution and Cutting Plane Proofs and
               Monotone Computations},
  journal   = {J. Symb. Log.},
  volume    = {62},
  number    = {3},
  year      = {1997},
  pages     = {981-998},
  ee        = {http://projecteuclid.org/euclid.jsl/1183745308},
  bibsource = {DBLP, http://dblp.uni-trier.de}
}
@inproceedings{DBLP:conf/tacas/McMillan04,
  author    = {Kenneth L. McMillan},
  title     = {An Interpolating Theorem Prover},
  booktitle = {TACAS},
  year      = {2004},
  pages     = {16-30},
  ee        = {http://dx.doi.org/10.1007/978-3-540-24730-2_2},
  bibsource = {DBLP, http://dblp.uni-trier.de},
  publisher = {Springer}
}
@inproceedings{DBLP:conf/vmcai/BrilloutKRW11,
  author    = {Angelo Brillout and
               Daniel Kroening and
               Philipp R{\"u}mmer and
               Thomas Wahl},
  title     = {Beyond Quantifier-Free Interpolation in Extensions of {Presburger}
               Arithmetic},
  booktitle = {VMCAI},
  year      = {2011},
  pages     = {88-102},
  ee        = {http://dx.doi.org/10.1007/978-3-642-18275-4_8},
  bibsource = {DBLP, http://dblp.uni-trier.de},
  publisher = {Springer}
}
@inproceedings{DBLP:conf/atva/LynchT08,
  author    = {Christopher Lynch and
               Yuefeng Tang},
  title     = {Interpolants for Linear Arithmetic in {SMT}},
  booktitle = {ATVA},
  year      = {2008},
  pages     = {156-170},
  ee        = {http://dx.doi.org/10.1007/978-3-540-88387-6_13},
  bibsource = {DBLP, http://dblp.uni-trier.de},
  publisher = {Springer}
}
@inproceedings{DBLP:conf/cav/BeyerZM08,
  author    = {Dirk Beyer and
               Damien Zufferey and
               Rupak Majumdar},
  title     = {{CSIsat}: Interpolation for {LA+EUF}},
  booktitle = {CAV},
  year      = {2008},
  pages     = {304-308},
  ee        = {http://dx.doi.org/10.1007/978-3-540-70545-1_29},
  bibsource = {DBLP, http://dblp.uni-trier.de},
  publisher = {Springer}
}
@article{DBLP:journals/fmsd/JainCG09,
  author    = {Himanshu Jain and
               Edmund M. Clarke and
               Orna Grumberg},
  title     = {Efficient Craig interpolation for linear Diophantine (dis)equations
               and linear modular equations},
  journal   = {Formal Methods in System Design},
  volume    = {35},
  number    = {1},
  year      = {2009},
  pages     = {6-39},
  ee        = {http://dx.doi.org/10.1007/s10703-009-0069-x},
  bibsource = {DBLP, http://dblp.uni-trier.de}
}
@inproceedings{DBLP:conf/lpar/KroeningLR10,
  author    = {Daniel Kroening and
               J{\'e}r{\^o}me Leroux and
               Philipp R{\"u}mmer},
  title     = {Interpolating Quantifier-Free {Presburger} Arithmetic},
  booktitle = {LPAR},
  year      = {2010},
  pages     = {489-503},
  ee        = {http://dx.doi.org/10.1007/978-3-642-16242-8_35},
  bibsource = {DBLP, http://dblp.uni-trier.de},
  publisher = {Springer}
}

@article{DBLP:journals/toplas/NelsonO79,
  author    = {Greg Nelson and
               Derek C. Oppen},
  title     = {Simplification by Cooperating Decision Procedures},
  journal   = {ACM Trans. Program. Lang. Syst.},
  volume    = {1},
  number    = {2},
  year      = {1979},
  pages     = {245-257},
  ee        = {http://doi.acm.org/10.1145/357073.357079},
  bibsource = {DBLP, http://dblp.uni-trier.de}
}

@inproceedings{dpllt,
  author    = {Robert Nieuwenhuis and
               Albert Oliveras and
               Cesare Tinelli},
  title     = {Abstract {DPLL} and Abstract {DPLL} Modulo Theories},
  booktitle = {LPAR},
  year      = {2004},
  pages     = {36-50},
  ee        = {http://dx.doi.org/10.1007/978-3-540-32275-7_3},
  bibsource = {DBLP, http://dblp.uni-trier.de},
  publisher = {Springer}
}

@inproceedings{toolpaper,
  author    = {J{\"u}rgen Christ and
               Jochen Hoenicke and
               Alexander Nutz},
  title     = {{SMTInterpol}: An Interpolating {SMT} Solver},
  booktitle = {SPIN},
  year      = {2012},
  pages     = {248-254},
  ee        = {http://dx.doi.org/10.1007/978-3-642-31759-0_19},
  bibsource = {DBLP, http://dblp.uni-trier.de},
  publisher = {Springer}
}
@inproceedings{henzinger04afp,
  author    = {Thomas A. Henzinger and
               Ranjit Jhala and
               Rupak Majumdar and
               Kenneth L. McMillan},
  title     = {Abstractions from proofs},
  booktitle = {POPL},
  year      = {2004},
  pages     = {232-244},
  ee        = {http://doi.acm.org/10.1145/964001.964021},
  bibsource = {DBLP, http://dblp.uni-trier.de},
  publisher = {ACM}
}
@inproceedings{mcmillan06lai,
  author    = {Kenneth L. McMillan},
  title     = {Lazy Abstraction with Interpolants},
  booktitle = {CAV},
  year      = {2006},
  pages     = {123-136},
  ee        = {http://dx.doi.org/10.1007/11817963_14},
  bibsource = {DBLP, http://dblp.uni-trier.de},
  publisher = {Springer}
}
@inproceedings{HHP10,
  author = {Matthias Heizmann and Jochen Hoenicke and Andreas Podelski},
  title = {Nested Interpolants},
  booktitle = {POPL},
  pages = {471--482},
  year = {2010},
  publisher = {ACM},
  abstract = {
    In this paper, we explore the potential of the theory of nested words for partial correctness proofs of recursive programs.  Our conceptual contribution is a simple framework that allows us to shine a new light on classical concepts such as Floyd/Hoare proofs and predicate abstraction in the context of recursive programs.  Our technical contribution is an interpolant-based software model checking method for recursive programs.   The method avoids the costly construction of the abstract transformer by constructing a nested word automaton from an inductive sequence of `nested interpolants' (i.e., interpolants for a nested word which represents an infeasible error trace).   
  },
  doi = {10.1145/1706299.1706353}
}
@inproceedings{tacaspaper,
  author    = {J{\"u}rgen Christ and
               Jochen Hoenicke and
               Alexander Nutz},
  title     = {Proof Tree Preserving Interpolation},
  booktitle = {TACAS},
  year      = {2013},
  publisher = {Springer},
  note      = {to appear}
}
